<?xml version="1.0" encoding="UTF-8"?><record xmlns="http://www.loc.gov/MARC21/slim" xmlns:cinclude="http://apache.org/cocoon/include/1.0" xmlns:zs="http://www.loc.gov/zing/srw/">
  <leader>00430nz  a2200121n  4500</leader>
  <controlfield tag="001">n  93100877 </controlfield>
  <controlfield tag="003">DLC</controlfield>
  <controlfield tag="005">19931014132044.5</controlfield>
  <controlfield tag="008">931014n| acannaab|          |n aaa |||  </controlfield>
  <datafield tag="010" ind1=" " ind2=" ">
    <subfield code="a">n  93100877 </subfield>
  </datafield>
  <datafield tag="040" ind1=" " ind2=" ">
    <subfield code="a">DLC</subfield>
    <subfield code="c">DLC</subfield>
  </datafield>
  <datafield tag="100" ind1="1" ind2="0">
    <subfield code="a">Endres, Jan Michiel,</subfield>
    <subfield code="d">1767-1821</subfield>
  </datafield>
  <datafield tag="670" ind1=" " ind2=" ">
    <subfield code="a">Pryce-Lewis, O. When we first practise, or The life of Jan Michiel Endres, surgeon, 1989:</subfield>
    <subfield code="b">p. 1 (b. 8/18/1767, Riedenheim, Lower Franconia) p. 169 (d. 11/27/1821)</subfield>
  </datafield>
</record>